<?xml version="1.0" encoding="UTF-8"?><collection xmlns="http://www.loc.gov/MARC21/slim"><record><leader>00439nam--2200145-i-4500</leader><controlfield tag="001">000033783</controlfield><controlfield tag="002">20161230</controlfield><controlfield tag="005">20161230201039</controlfield><controlfield tag="008">060222s1000------------r-----000-0-eng-d</controlfield><datafield ind1=" " ind2=" " tag="100"><subfield code="a">Martin, D</subfield></datafield><datafield ind1=" " ind2=" " tag="245"><subfield code="a">An introduction to vector analysis for physicists and engineers</subfield></datafield><datafield ind1=" " ind2=" " tag="260"><subfield code="a">London</subfield><subfield code="b">Methuen And Co. Ltd</subfield><subfield code="c">1970</subfield></datafield><datafield ind1=" " ind2=" " tag="490"><subfield code="a">Methuen's Monographs on Physical Subjects</subfield></datafield><datafield ind1=" " ind2=" " tag="852"><subfield code="a">34224</subfield><subfield code="c">512.94:512.972</subfield></datafield><datafield ind1=" " ind2=" " tag="CAT"><subfield code="a">Sys</subfield><subfield code="c">20080526</subfield><subfield code="h">114958</subfield></datafield></record></collection>